<?xml version="1.0" encoding="UTF-8" ?><marc:collection xmlns:marc="http://www.loc.gov/MARC21/slim" xmlns:xsi="http://www.w3.org/2001/XMLSchema-instance" xsi:schemaLocation="http://www.loc.gov/MARC21/slim http://www.loc.gov/standards/marcxml/schema/MARC21slim.xsd">
<marc:record><marc:leader>01881cam a2200325M  4500</marc:leader>
<marc:controlfield tag="001">b1440896x</marc:controlfield>
<marc:controlfield tag="003">UaCaAUL</marc:controlfield><marc:controlfield tag="005">20080103024602.0</marc:controlfield><marc:controlfield tag="008">990115s1905    ua      r     000 0 araod</marc:controlfield><marc:datafield tag="035" ind1=" " ind2=" "><marc:subfield code="a">(OCoLC)40972611</marc:subfield></marc:datafield><marc:datafield tag="040" ind1=" " ind2=" "><marc:subfield code="a">CGU</marc:subfield><marc:subfield code="c">CGU</marc:subfield><marc:subfield code="d">MEAUC</marc:subfield></marc:datafield><marc:datafield tag="049" ind1=" " ind2=" "><marc:subfield code="a">MAIN</marc:subfield></marc:datafield><marc:datafield tag="066" ind1=" " ind2=" "><marc:subfield code="c">(3</marc:subfield></marc:datafield><marc:datafield tag="090" ind1=" " ind2=" "><marc:subfield code="a">BP178</marc:subfield><marc:subfield code="b">.I22X 1905</marc:subfield></marc:datafield><marc:datafield tag="100" ind1="1" ind2=" "><marc:subfield code="6">880-01</marc:subfield><marc:subfield code="a">Ibn Ḥanbal, Aḥmad ibn Muḥammad,</marc:subfield><marc:subfield code="d">780-855.</marc:subfield></marc:datafield><marc:datafield tag="245" ind1="1" ind2="0"><marc:subfield code="6">880-02</marc:subfield><marc:subfield code="a">Kitab al-Sạlāh wa-mā yalzam fīhā /</marc:subfield><marc:subfield code="c">li-Abī ʻAbd Allāh Muhạmmad Ibn Hạnbal. Wa-yalīh Kitāb al-Sạlāh wa-ahḳām tārikuhā / li-Shams al-Dīn Muhạmmad ibn Abī Bakr al-maʻrūf bi-Ibn al-Qayyim al-Jawzīyah ; ʻuniya bi-tasḥịh̄ịhimā Muhạmmad Badr al-Dīn al-Naʻsānī al-Hạlabī.</marc:subfield></marc:datafield><marc:datafield tag="260" ind1=" " ind2=" "><marc:subfield code="6">880-03</marc:subfield><marc:subfield code="a">[Egypt] :</marc:subfield><marc:subfield code="b">al-Matḅaʻah al-ʻĀmirah,</marc:subfield><marc:subfield code="c">1323 H. [1905]</marc:subfield></marc:datafield><marc:datafield tag="300" ind1=" " ind2=" "><marc:subfield code="a">224 p. ;</marc:subfield><marc:subfield code="c">18 cm.</marc:subfield></marc:datafield><marc:datafield tag="650" ind1=" " ind2="0"><marc:subfield code="a">Prayer</marc:subfield><marc:subfield code="x">Islam.</marc:subfield></marc:datafield><marc:datafield tag="700" ind1="1" ind2=" "><marc:subfield code="6">880-04</marc:subfield><marc:subfield code="a">Ibn Qayyim al-Jawzīyah, Muḥammad ibn Abī Bakr,</marc:subfield><marc:subfield code="d">1292-1350.</marc:subfield></marc:datafield><marc:datafield tag="700" ind1="1" ind2=" "><marc:subfield code="6">880-05</marc:subfield><marc:subfield code="a">Ḥalabī, Muḥammad Badr al-Dīn al-Naʻsānī.</marc:subfield></marc:datafield><marc:datafield tag="880" ind1="1" ind2=" "><marc:subfield code="6">100-01/(3/r</marc:subfield><marc:subfield code="a">ابن حنبل: أحمد بن محمد:</marc:subfield><marc:subfield code="d">780-855.</marc:subfield></marc:datafield><marc:datafield tag="880" ind1="1" ind2="0"><marc:subfield code="6">245-02/(3/r</marc:subfield><marc:subfield code="a">كتب الصلاه وما يلزم فيها /</marc:subfield><marc:subfield code="c">لأبي عبد الله محمد ابن حنبل. ويليه كتاب الصلاه وأحكام تاركها / لشمس الدين محمد بن أبي بكر المعروف بابن القيم الجوزية ؛ عني بتصحيحهما محمد بدر الدين النعساني الحلبي...</marc:subfield></marc:datafield><marc:datafield tag="880" ind1=" " ind2=" "><marc:subfield code="6">260-03/(3/r</marc:subfield><marc:subfield code="a">[مصر] :</marc:subfield><marc:subfield code="b">المطبعة العامرة:</marc:subfield><marc:subfield code="c">1323 ه. [1905]</marc:subfield></marc:datafield><marc:datafield tag="880" ind1="1" ind2=" "><marc:subfield code="6">700-04/(3/r</marc:subfield><marc:subfield code="a">ابن قيم الجوزية: محمد بن أبي بكر:</marc:subfield><marc:subfield code="d">12921350.</marc:subfield></marc:datafield><marc:datafield tag="880" ind1="1" ind2=" "><marc:subfield code="6">700-05/(3/r</marc:subfield><marc:subfield code="a">حلبي: محمد بدر الدين النعساني...</marc:subfield></marc:datafield><marc:datafield tag="907" ind1=" " ind2=" "><marc:subfield code="a">.b1440896x</marc:subfield><marc:subfield code="b">main </marc:subfield></marc:datafield><marc:datafield tag="902" ind1=" " ind2=" "><marc:subfield code="a">170221</marc:subfield></marc:datafield><marc:datafield tag="998" ind1=" " ind2=" "><marc:subfield code="b">1</marc:subfield><marc:subfield code="c">080106</marc:subfield><marc:subfield code="d">m</marc:subfield><marc:subfield code="e">a</marc:subfield><marc:subfield code="f">-</marc:subfield><marc:subfield code="g">0</marc:subfield><marc:subfield code="k">MAH</marc:subfield></marc:datafield><marc:datafield tag="945" ind1=" " ind2=" "><marc:subfield code="l">main </marc:subfield></marc:datafield></marc:record>
</marc:collection>
